<?xml version="1.0" encoding="UTF-8"?>
<record xmlns="http://www.loc.gov/MARC21/slim" xmlns:xsi="http://www.w3.org/2001/XMLSchema-instance" xsi:schemaLocation="http://www.loc.gov/MARC21/slim http://www.loc.gov/standards/marcxml/schema/MARC21slim.xsd">
<leader>00000cam a2200301 a 4500</leader>
<controlfield tag="001">001679110</controlfield>
<controlfield tag="003">NNU</controlfield>
<controlfield tag="005">20130211095528.0</controlfield>
<controlfield tag="008">841212s1962    iq a          000 0 arao</controlfield>
<datafield tag="010" ind1=" " ind2=" ">
<subfield code="a">ne 65000443</subfield>
</datafield>
<datafield tag="035" ind1="9" ind2=" ">
<subfield code="a">NYUb12222501</subfield>
</datafield>
<datafield tag="035" ind1=" " ind2=" ">
<subfield code="a">(MH)MHBFN59324HU</subfield>
</datafield>
<datafield tag="035" ind1=" " ind2=" ">
<subfield code="a">(OCoLC)11482846</subfield>
</datafield>
<datafield tag="035" ind1=" " ind2=" ">
<subfield code="a">(CStRLIN)MAHGBFN59324-B</subfield>
</datafield>
<datafield tag="040" ind1=" " ind2=" ">
<subfield code="a">DLC</subfield>
<subfield code="b">eng</subfield>
<subfield code="c">InU</subfield>
<subfield code="d">MH</subfield>
<subfield code="d">CStRLIN</subfield>
</datafield>
<datafield tag="043" ind1=" " ind2=" ">
<subfield code="a">a-iq---</subfield>
</datafield>
<datafield tag="050" ind1=" " ind2="4">
<subfield code="a">GR295.B3</subfield>
<subfield code="b">B34 1962</subfield>
</datafield>
<datafield tag="100" ind1="1" ind2=" ">
<subfield code="a">Baghdādī, Yūnus Saʻīd.</subfield>
</datafield>
<datafield tag="245" ind1="1" ind2="0">
<subfield code="a">Shaqāwāt Baghdād fī al-ʻaṣr al-māḍī /</subfield>
<subfield code="c">Yūnus Saʻīd al-Baghdādī.</subfield>
</datafield>
<datafield tag="246" ind1="3" ind2=" ">
<subfield code="a">Fūlklūr Baghdād</subfield>
</datafield>
<datafield tag="250" ind1=" " ind2=" ">
<subfield code="a">[al-Ṭabʻah al-ūlá]</subfield>
</datafield>
<datafield tag="260" ind1=" " ind2=" ">
<subfield code="a">Baghdād :</subfield>
<subfield code="b">Maktabat al-Nahḍah,</subfield>
<subfield code="c">[1962]</subfield>
</datafield>
<datafield tag="300" ind1=" " ind2=" ">
<subfield code="a">62 p. :</subfield>
<subfield code="b">ill. ;</subfield>
<subfield code="c">20 cm.</subfield>
</datafield>
<datafield tag="500" ind1=" " ind2=" ">
<subfield code="a">At head of title: Fūlklūr Baghdād.</subfield>
</datafield>
<datafield tag="651" ind1=" " ind2="0">
<subfield code="a">Baghdad (Iraq)</subfield>
<subfield code="x">Folklore.</subfield>
</datafield>
<datafield tag="651" ind1=" " ind2="0">
<subfield code="a">Baghdad (Iraq)</subfield>
<subfield code="x">Social life and customs.</subfield>
</datafield>
<datafield tag="OWN" ind1=" " ind2=" ">
<subfield code="a">GENERAL</subfield>
</datafield>
<datafield tag="AVA" ind1=" " ind2=" ">
<subfield code="a">NYU50</subfield>
<subfield code="b">BOBST</subfield>
<subfield code="c">Main Collection</subfield>
<subfield code="d">GR295.B3 B34 1962</subfield>
<subfield code="e">unavailable</subfield>
<subfield code="t">Unavailable</subfield>
<subfield code="f">1</subfield>
<subfield code="g">1</subfield>
<subfield code="h">N</subfield>
<subfield code="i">0</subfield>
<subfield code="j">MAIN</subfield>
<subfield code="k">0</subfield>
</datafield>
</record>
